@BOOK{Analysis_and_Machine_Vision,
    author =       "Milan Sonka PhD, Vaclav Hlavac PhD, Roger Boyle DPhil,",
    title =        "{\it Image Processing, Analysis and Machine Vision}",
    publisher =    "Timothy L. Anderson",
    year =         "2008",
    isbn =         "978-1-133-59360-7"
}
    
@BOOK{Detekcia_a_rozpoznavanie_objektov,
    author =       "RNDr. Šikudová, PhD. RNDr. Černeková, PhD. Ing. Benešová, CSc. RNDr. Haladová, RNDr. Kučerová",
    title =        "{\it Počítačové videnie. Detekcia a rozpoznávanie objektov}",
    publisher =    "AWikina, Livornská 445, 109 00 Praha 10",
    year =         "2011",
    url =          "http://sccg.sk/~cernekova/Pocitacove_videnie.pdf",
    isbn =         "978-80-87925-06-5"
}
@BOOK{Kalman_Khil_Kim,
    author =       "Khil Kim",
    title =        "{\it Kalman filter for beginners: with MATLAB examples}",
    publisher =    "A-JIN Publishing company",
    year =         "2010",
    isbn =         "978-1-463648350"
}

@BOOK{Kalman_Khil_Kim,
    author =       "Khil Kim",
    title =        "{\it Kalman filter for beginners: with MATLAB examples}",
    publisher =    "A-JIN Publishing company",
    year =         "2010",
    isbn =         "978-1-463648350"
}


@BOOK{Algorithms_and_Applications,
    author =       "Richard Szeliski",
    title =        "{\it Computer Vision Algorithms and Applications}",
    year =         "2010",
    isbn =         "978-1-84882-934-3",
    url =          "http://szeliski.org/Book/",
    note =         "[Online; navštívené 25.04.2017]"
}

@BOOK{Learning_openCV,
    author =       "Gray Bradski, Adrian Kaehler",
    title =        "{\it Learning OpenCV}",
    year =         "2008",
    publisher =    "O'Reilly Media, Inc., 1005 Gravenstein Highway North, Sebastopol",
    isbn =         "978-0-596-51613-0"
}

@MISC{pocitacove_videnie_v_praxi,
    author =       "doc. Ing. Zoltán Tomori, CSc., Mgr. Matej Nikorovič",
    title =        "{\it Počítačové videnie v praxi}",
    howpublished = "Ústav experimentálnej fyziky SAV, Watsonova 47, 04001 Košice",
    year =         "2016",
    url =          "http://home.saske.sk/~tomori/Downloads/Poc_videnie/PV_2016.pdf",
    note =         "[Online; navštíveno 25.04.2017]"
}
   
@MISC{Kalman_web,
    author =       "Ramsey Faragher",
    title =        "{\it Understanding the Basis of the Kalman Filter Via a Simple and Intuitive Derivation}",
    url =          "https://www.cl.cam.ac.uk/~rmf25/papers/Understanding\%20the\%20Basis\%20of\%20the\%20Kalman\%20Filter.pdf",
    month =        Sep,
    year =         "2012",
    note =         "[Online; navštíveno 25.04.2017]"
}

@MISC{Pin_hole_camera,
    author =       "David Balihar",
    title =        "{\it WHAT IS A PINHOLE CAMERA?}",
    url =          "http://www.pinhole.cz/en/pinholecameras/whatis.html",
    note =         "[Online; navštíveno 25.04.2017]"
}

@MISC{openCV_trasholding,
    title =        "{\it Image Thresholding}",
    url =          "http://docs.opencv.org/trunk/d7/d4d/tutorial_py_thresholding.html",
    note =         "[Online; navštíveno 25.04.2017]"
}

@MISC{fit_trasholding,
    author =       "Ing. Michal Španěl, Ing. Vítězslav Beran",
    title =        "{\it Obrazové segmentační techniky}",
    url =          "http://www.fit.vutbr.cz/~spanel/segmentace/",
    note =         "[Online; navštíveno 25.04.2017]"
}

@MISC{cannyho_detektor,
    author =       "Petr Hurtík",
    title =        "{\it DETEKCE HRAN V OBRAZU}",
    url =          "http://konference.osu.cz/svk/sbornik2012/pdf/budoucnost/informatika/hurtik.pdf",
    note =         "[Online; navštíveno 25.04.2017]"
}

@MISC{houghova_transformacia,
    author =       "Oravec Jakub",
    title =        "{\it Houghova transformácia a jej použitie v oblasti spracovania obrazu}",
    url =          "http://www.posterus.sk/?p=18844",
    note =         "[Online; navštíveno 25.04.2017]"
}

@MISC{zrak,
    title =        "{\it Zrak}",
    url =          "https://cs.wikipedia.org/wiki/Zrak",
    note =         "[Online; navštíveno 25.04.2017]"
}
@MISC{how_kinect_work,
    author =        "John MacCormick",
    title =        "{\it How does the Kinect work?}",
    url =          "https://users.dickinson.edu/~jmac/selected-talks/kinect.pdf",
    note =         "[Online; navštíveno 25.04.2017]"
}

@MISC{opticke_metody_merania,
    author =        "Ing. Kalová Ilona, Ing.Horák Karel",
    title =        "{\it Optické metody měření 3D objektů}",
    url =          "http://www.elektrorevue.cz/clanky/05023/index.html",
    note =         "[Online; navštíveno 25.04.2017]"
}

@MISC{kalman_dummies,
    author =        "Bilgin Esme",
    title =        "{\it Kalman Filter For Dummies}",
    url =          "http://bilgin.esme.org/BitsAndBytes/KalmanFilterforDummies",
    note =         "[Online; navštíveno 13.05.2017]"
}